@techreport{full,
author ={Bortnikov, Edward and Hillel, Eshcar and Sharov, Artyom},
title = {Reconciling Transactional and Non-Transactional Operations in Distributed Key-Value Stores},
institution = {Yahoo Labs},
year = {2014},
}

@inproceedings{Peluso2012,
 author = {Peluso, Sebastiano and Romano, Paolo and Quaglia, Francesco},
 title = {{SCORe}: A Scalable One-copy Serializable Partial Replication Protocol},
 booktitle = {Proceedings of the 13th International Middleware Conference},
 series = {Middleware '12},
 year = {2012},
 pages = {456--475},
 } 

@inproceedings{Omid2014,
 author = {Yabandeh, Maysam and Gomez-Ferro, Daniel and Kelly, Ivan and Junqueira, Flavio and Reed, Ben},
 title = {Lock-free Transactional Support for Distributed Data Stores},
 note = {Accepted to ICDE '14},
} 

@article{RAMCloud2011,
 author = {J. Osterhout et. al.},
 title = {The Case for RAM Cloud},
 journal = CACM,
 volume = 54,
 issue = 7, 
 month = Jul, 
 year = 2011,
 pages = {121--130}
} 

@inproceedings{FDPlus2012,
 author = {R. Thonangi and S. Babu and J. Yang},
 title = {A Practical Concurrent Index for Solid-state Drives},
 booktitle = {CIKM},
 year = 2012, 
 pages = {1332--1341}
}

@article{Herlihy1991,
 author = {Herlihy, Maurice},
 title = {Wait-free synchronization},
 journal = {ACM Trans. Program. Lang. Syst.},
 volume = {13},
 number = {1},
 year = {1991},
 pages = {124--149},
}

@book{Herlihy2008,
 author = {Herlihy, Maurice and Shavit, Nir},
 title = {The Art of Multiprocessor Programming},
 year = {2008},
 publisher = {Morgan Kaufmann Publishers Inc.},
 address = {San Francisco, CA, USA},
} 

@inproceedings{Spear2008,
 author = {Spear, Michael F. and Michael, Maged M. and von Praun, Christoph},
 title = {{RingSTM}: scalable transactions with a single atomic instruction},
 booktitle = {SPAA '08},
 year = {2008},
 pages = {275--284},
} 

@article{Bookkeeper2013,
 author = {F. P. Junqueira and I. Kelly and B. Reed},
 title = {{Durability with BookKeeper}},
 journal = {OS Review},
 year = {2013},
 pages = {9--15},
 volume = 47,
 issue = 1
} 

@inproceedings{Spanner2012,
 author = {Corbett, J. C. and others},
 title = {Spanner: Google's Globally-Distributed Database},
 booktitle = {OSDI},
 year = {2012},
 pages = {251--264},
} 
 
@article{Bloom1970,
 author = {B. H. Bloom},
 title = {Space/time trade-offs in hash coding with allowable errors},
 journal = {Commun. ACM},
 issue_date = {July 1970},
 volume = {13},
 number = {7},
 month = jul,
 year = {1970},
 pages = {422--426},
 numpages = {5},
} 

@article{Papadimitriou1979,
 author = {Papadimitriou, Christos H.},
 title = {The serializability of concurrent database updates},
 journal = {J. ACM},
 issue_date = {Oct. 1979},
 volume = {26},
 number = {4},
 month = oct,
 year = {1979},
 pages = {631--653},
} 

@inproceedings{Berenson1995,
 author = {H. Berenson and P. Bernstein and J. Gray and J. Melton and E. O'Neil and P. O'Neil},
 title = {A critique of ANSI SQL isolation levels},
 booktitle = {SIGMOD '95},
 year = {1995},
 pages = {1--10},
} 

@inproceedings{OmidEurosys2012,

  author = {D. Gomez-Ferro and M. Yabandeh},
  title = {A critique of snapshot isolation},
  booktitle = {EuroSys},
  year = {2012},
  pages = {155 -- 168}
}
  
@article {FeketeTODS2005,

	author = {A. Fekete and D. Liarokapis and E. O'Neil and P. O' Neil and D. Shasha},
  title = {Making snapshot isolation serializable},
  journal = {ACM TODS},
  year = 2005,
  pages = {492--528},
  volume = 30,
  issue = 2  
}

@inproceedings { Cahill2008,
  author = {M. J. Cahill and U. Rohm and A. Fekete},
  title = {Serializable isolation for snapshot databases},
  booktitle = {SIGMOD},
  year = 2008,
  pages = {729--738}
}
  
@inproceedings {YCSB2010,

  author = {B. F. Cooper and A. Silberstein and E. Tam and R. Ramakrishnan and R. Sears}, 
  title = {Benchmarking Cloud Serving Systems with {YCSB}},
	booktitle = {ACM SoCC 2010},
	year = 2010,
	pages = {143--154}
}

@inproceedings { Alomari2008,
  author = {M. Alomari and M. Cahill and A. Fekete and U. Rohm},
  title = {The cost of serializability on platforms that use snapshot isolation},
  booktitle = {ICDE},
  year = 2008
}

@inproceedings { BigTable2006,
  author = {F. Chang and others},
  title = {Bigtable: A Distributed Storage System for Structured Data},
  booktitle = {OSDI},
  year = 2006
}

@inproceedings { BigTable2006full,
  author = {F. Chang and J. Dean and S. Ghemawat and W. C. Hsieh and D. A. Wallach and M. Burrows and T. Chandra and A. Fikes and R. E. Gruber},
  title = {Bigtable: A Distributed Storage System for Structured Data},
  booktitle = {OSDI},
  year = 2006
}

@book {WeikumTIS2001,
  author =       {G. Weikum and G. Vossen},
  title =        {Transactional Information Systems: Theory, Algorithms, and the Practice of Concurrency Control and Recovery},
  publisher =    {Morgan Kaufmann},
  year =         2001,
}

@book { AttiyaDC2004,

 author = {H. Attiya and J. Welch},
 title = {Distributed Computing: Fundamentals, Simulations, and Advanced Topics},
 publisher = {Wiley Series on Parallel and Distributed Computing},
 year = 2004
}

@book {GrayTP1993,
  author =       {Jim Gray and Andreas Reuters},
  title =        {Transaction Processing: Concepts and Techniques},
  publisher =    {Morgan Kaufmann},
  year =         1993,
  ibsn =  `1-55860-190-2
}

@inbook {KorenAdvancesCF2011,
  author =       {Y. Koren and R. Bell},
  title =        {Recommender Systems Handbook},
  chapter = {Advances in Collaborative Filtering},
  publisher =    {Springer US},
  year =         2011,
  pages = {145--186},
  ibsn =  `978-0-387-85819-7
}

@inproceedings {YabandehCritique2012,

  author = {Maysam Yabandeh and Daniel Gomez-Ferro},
  title  = {A critique of snapshot isolation},
  booktitle = EuroSys,
  year = 2012,
  pages = {155-168}
}

@inproceedings{Percolator2010,
title = {Large-scale Incremental Processing Using Distributed Transactions and Notifications},
author  = {D. Peng and F. Dabek},
year  = 2010,
booktitle = {OSDI}
}


@inproceedings {Corfu2012,

  author = {M. Balakrishnan and D. Malkhi and V. Prabhakaran and T. Wobber and M. Wei},
  title  = {CORFU: A Shared Log Design for Flash Clusters},
  booktitle = {NSDI},
  year = 2012
}

@inproceedings {Omid2012,

  author = {D. Gomez Ferro and F. P. Junqueira and B. Reed and M. Yabandeh},
  title  = {Lock-free Transactional Support for Distributed Data Stores},
  booktitle = {SOSP (poster session)},
  year = 2012
}

@inproceedings {ZKATC2010,

  author = {P. Hunt and M. Konar and F. P. Junqueira and B. Reed},
  title  = {ZooKeeper: Wait-free Coordination for Internet-scale Systems},
  booktitle = {USENIX ATC},
  year = 2010
}

@article{LamportPaxos2001,
  author = {L. Lamport},
  title = {Paxos Made Simple},
  year = 2001,
	journal = {ACM SIGACT News (Distributed Computing Column)},
	volume = 32,
	number = 4,
	pages = {51--58}
}

@inproceedings {PNUTS2008part,
  author = {B. F. Cooper and others},
  title = {PNUTS: Yahoo!s Hosted Data Serving Platform},
  booktitle = {VLDB},
  year = 2008
}
  
@inproceedings {PNUTS2008,
  author = {B. F. Cooper and R. Ramakrishnan and U. Srivastava and A. Silberstein and P. Bohannon and H.-A. Jacobsen and N. Puz and D. Weaver and R. Yerneni},
  title = {PNUTS: Yahoo!s Hosted Data Serving Platform},
  booktitle = {VLDB},
  year = 2008
}
  
@article{Ports2012,
author = {Ports, D. R. K. and Grittner, K.},
title = {Serializable snapshot isolation in {PostgreSQL}},
journal = {Proc. VLDB Endow.},
issue_date = {August 2012},
volume = {5},
number = {12},
month = aug,
year = {2012},
pages = {1850--1861},
} 

@inproceedings{calvin, 
title = "Calvin: Fast Distributed Transactions for Partitioned Database Systems", 
year = "2012", 
booktitle = "SIGMOD", 
author = {A. Thomson and T. Diamond and S.-C. Weng and K. Ren and P. Shao and D. J. Abadi}, 
} 